<?xml version="1.0" encoding="UTF-8"?><collection xmlns="http://www.loc.gov/MARC21/slim"><record><leader>00424nam--2200157-i-4500</leader><controlfield tag="001">000038164</controlfield><controlfield tag="002">20161230</controlfield><controlfield tag="005">20170126004514</controlfield><controlfield tag="008">060222s1000------------r-----000-0-eng-d</controlfield><datafield ind1=" " ind2=" " tag="100"><subfield code="a">Prager, William</subfield></datafield><datafield ind1=" " ind2=" " tag="245"><subfield code="a">Theorie ideal plastischer korper ins deutsch ubertragen von F.Chmelka</subfield></datafield><datafield ind1=" " ind2=" " tag="260"><subfield code="a">Wien</subfield><subfield code="b">Springer-Verlag</subfield><subfield code="c">1954</subfield></datafield><datafield ind1=" " ind2=" " tag="300"><subfield code="a">X +276 p</subfield></datafield><datafield ind1=" " ind2=" " tag="700"><subfield code="a">Hodge, P. G</subfield></datafield><datafield ind1=" " ind2=" " tag="852"><subfield code="a">10709</subfield></datafield><datafield ind1=" " ind2=" " tag="CAT"><subfield code="a">SYS</subfield><subfield code="c">20170126</subfield><subfield code="h">004514</subfield></datafield></record></collection>